<?xml version="1.0" encoding="UTF-8"?><record xmlns="http://www.loc.gov/MARC21/slim" xmlns:cinclude="http://apache.org/cocoon/include/1.0" xmlns:zs="http://www.loc.gov/zing/srw/">
  <leader>00391cz  a2200133n  4500</leader>
  <controlfield tag="001">n  50053751 </controlfield>
  <controlfield tag="003">DLC</controlfield>
  <controlfield tag="005">20130313075237.0</controlfield>
  <controlfield tag="008">801114n| azannaabn          |a ana      </controlfield>
  <datafield tag="010" ind1=" " ind2=" ">
    <subfield code="a">n  50053751 </subfield>
  </datafield>
  <datafield tag="040" ind1=" " ind2=" ">
    <subfield code="a">DLC</subfield>
    <subfield code="b">eng</subfield>
    <subfield code="e">rda</subfield>
    <subfield code="c">DLC</subfield>
    <subfield code="d">DLC</subfield>
  </datafield>
  <datafield tag="110" ind1="1" ind2=" ">
    <subfield code="a">Jamaica.</subfield>
    <subfield code="b">Botanical Department</subfield>
  </datafield>
  <datafield tag="410" ind1="1" ind2=" ">
    <subfield code="w">nnea</subfield>
    <subfield code="a">Jamaica.</subfield>
    <subfield code="b">Botanical Dept.</subfield>
  </datafield>
  <datafield tag="670" ind1=" " ind2=" ">
    <subfield code="a">Bulletin of the Botanical Department, Jamaica ..., 1894-1903.</subfield>
  </datafield>
</record>